admin@redemption.phy.bris.ac.uk.55084